@ARTICLE{mesa,
   author = {{Paxton}, B. and {Bildsten}, L. and {Dotter}, A. and {Herwig}, F. and 
	{Lesaffre}, P. and {Timmes}, F.},
    title = "{Modules for Experiments in Stellar Astrophysics (MESA)}",
  journal = {\apjs},
archivePrefix = "arXiv",
   eprint = {1009.1622},
 primaryClass = "astro-ph.SR",
 keywords = {methods: numerical, stars: evolution, stars: general},
     year = 2011,
    month = jan,
   volume = 192,
      eid = {3},
    pages = {3},
      doi = {10.1088/0067-0049/192/1/3},
   adsurl = {http://adsabs.harvard.edu/abs/2011ApJS..192....3P},
  adsnote = {Provided by the SAO/NASA Astrophysics Data System}
}


@ARTICLE{paperIV,
   author = {{Zingale}, M. and {Almgren}, A.~S. and {Bell}, J.~B. and {Nonaka}, A. and 
	{Woosley}, S.~E.},
    title = "{Low Mach Number Modeling of Type IA Supernovae. IV. White Dwarf Convection}",
  journal = {\apj},
archivePrefix = "arXiv",
   eprint = {0908.2668},
 primaryClass = "astro-ph.HE",
 keywords = {convection, hydrodynamics, methods: numerical, nuclear reactions, nucleosynthesis, abundances, supernovae: general, white dwarfs},
     year = 2009,
    month = oct,
   volume = 704,
    pages = {196-210},
      doi = {10.1088/0004-637X/704/1/196},
   adsurl = {http://adsabs.harvard.edu/abs/2009ApJ...704..196Z},
  adsnote = {Provided by the SAO/NASA Astrophysics Data System}
}


@ARTICLE{paperIII,
   author = {{Almgren}, A.~S. and {Bell}, J.~B. and {Nonaka}, A. and {Zingale}, M.
	},
    title = "{Low Mach Number Modeling of Type Ia Supernovae. III. Reactions}",
  journal = {\apj},
 keywords = {Convection, Hydrodynamics, Methods: Numerical, Nuclear Reactions, Nucleosynthesis, Abundances, Stars: Supernovae: General, Stars: White Dwarfs},
     year = 2008,
    month = sep,
   volume = 684,
    pages = {449-470},
      doi = {10.1086/590321},
   adsurl = {http://adsabs.harvard.edu/abs/2008ApJ...684..449A},
  adsnote = {Provided by the SAO/NASA Astrophysics Data System}
}

@ARTICLE{paperII,
   author = {{Almgren}, A.~S. and {Bell}, J.~B. and {Rendleman}, C.~A. and 
	{Zingale}, M.},
    title = "{Low Mach Number Modeling of Type Ia Supernovae. II. Energy Evolution}",
  journal = {\apj},
   eprint = {arXiv:astro-ph/0606496},
 keywords = {Convection, Hydrodynamics, Methods: Numerical, Nuclear Reactions, Nucleosynthesis, Abundances, Stars: Supernovae: General, Stars: White Dwarfs},
     year = 2006,
    month = oct,
   volume = 649,
    pages = {927-938},
      doi = {10.1086/507089},
   adsurl = {http://adsabs.harvard.edu/abs/2006ApJ...649..927A},
  adsnote = {Provided by the SAO/NASA Astrophysics Data System}
}

@ARTICLE{paperI,
   author = {{Almgren}, A.~S. and {Bell}, J.~B. and {Rendleman}, C.~A. and 
	{Zingale}, M.},
    title = "{Low Mach Number Modeling of Type Ia Supernovae. I. Hydrodynamics}",
  journal = {\apj},
   eprint = {arXiv:astro-ph/0509892},
 keywords = {Convection, Hydrodynamics, Methods: Numerical, Nuclear Reactions, Nucleosynthesis, Abundances, Stars: Supernovae: General, Stars: White Dwarfs},
     year = 2006,
    month = feb,
   volume = 637,
    pages = {922-936},
      doi = {10.1086/498426},
   adsurl = {http://adsabs.harvard.edu/abs/2006ApJ...637..922A},
  adsnote = {Provided by the SAO/NASA Astrophysics Data System}
}

@article{flames,
title = "Adaptive low Mach number simulations of nuclear flame microphysics ",
journal = "Journal of Computational Physics ",
volume = "195",
number = "2",
pages = "677 - 694",
year = "2004",
note = "",
issn = "0021-9991",
doi = "10.1016/j.jcp.2003.10.035",
url = "http://www.sciencedirect.com/science/article/pii/S0021999103005783",
author = "J.B Bell and M.S Day and C.A Rendleman and S.E Woosley and M.A Zingale"
}

@article{flamephy,
  author={M Zingale and S E Woosley and J B Bell and M S Day and C A Rendleman},
  title={The physics of flames in Type Ia supernovae},
  journal={Journal of Physics: Conference Series},
  volume={16},
  number={1},
  pages={405},
  url={http://stacks.iop.org/1742-6596/16/i=1/a=056},
  year={2005},
  abstract={We extend a low Mach number hydrodynamics method developed for terrestrial combustion, to the study of thermonuclear flames in Type Ia supernovae. We discuss the differences between 2-D and 3-D Rayleigh-Taylor unstable flame simulations, and give detailed diagnostics on the turbulence, showing that the kinetic energy power spectrum obeys Bolgiano-Obukhov statistics in 2-D, but Kolmogorov statistics in 3-D. Preliminary results from 3-D reacting bubble calculations are shown, and their implications for ignition are discussed.}
}

@ARTICLE{flameturb,
   author = {{Aspden}, A.~J. and {Bell}, J.~B. and {Day}, M.~S. and {Woosley}, S.~E. and 
	{Zingale}, M.},
    title = "{Turbulence-Flame Interactions in Type Ia Supernovae}",
  journal = {\apj},
archivePrefix = "arXiv",
   eprint = {0811.2816},
 keywords = {Conduction, Hydrodynamics, Methods: Numerical, Nuclear Reactions, Nucleosynthesis, Abundances, Stars: Supernovae: General, Turbulence, Stars: White Dwarfs},
     year = 2008,
    month = dec,
   volume = 689,
    pages = {1173-1185},
      doi = {10.1086/592726},
   adsurl = {http://adsabs.harvard.edu/abs/2008ApJ...689.1173A},
  adsnote = {Provided by the SAO/NASA Astrophysics Data System}
}

@ARTICLE{flamecurve,
   author = {{Dursi}, L.~J. and {Zingale}, M. and {Calder}, A.~C. and {Fryxell}, B. and 
	{Timmes}, F.~X. and {Vladimirova}, N. and {Rosner}, R. and {Caceres}, A. and 
	{Lamb}, D.~Q. and {Olson}, K. and {Ricker}, P.~M. and {Riley}, K. and 
	{Siegel}, A. and {Truran}, J.~W.},
    title = "{The Response of Model and Astrophysical Thermonuclear Flames to Curvature and Stretch}",
  journal = {\apj},
   eprint = {arXiv:astro-ph/0306176},
 keywords = {Conduction, Hydrodynamics, Methods: Numerical, Nuclear Reactions, Nucleosynthesis, Abundances, Stars: Supernovae: General, Stars: White Dwarfs},
     year = 2003,
    month = oct,
   volume = 595,
    pages = {955-979},
      doi = {10.1086/377433},
   adsurl = {http://adsabs.harvard.edu/abs/2003ApJ...595..955D},
  adsnote = {Provided by the SAO/NASA Astrophysics Data System}
}

@BOOK{theorycombust,
   author ={Forman A. Williams},
   title = "{Combustion Theory}",
   publisher = {Perseus},
   year = {1985},
   edition = {2nd}
}

@BOOK{numericcombust,
   author = {Denis Veynante and Thierry Poinsot},
   title = "{Theoretical and Numerical Combustion}",
   publisher = {Edwards},
   edition = {2nd},
   year = {2005}
}

BOOK{lasers,
   author ={P.~W. Milonni and J.~H. Eberly},
   title="{Lasers}",
   publisher = {Wiley},
   year = {1988}
}

ARTICLE{nmr,
  author = {Val M. Runge and Jeffrey A. Clanton and Francis W. Smith and James Hutchison and John Mallard and C.~ Leon Partain and A.~ Everette James},
  title = "{Nuclear Magnetic Resonance of Iron and Copper Disease States}",
  journal = "{American Journal of Roentgenology}",
  volume = {141},
  number = {5},
  pages = {943-948},
  year = {1983}
}

BOOK{slichter,
   author ={C.~P. Slichter},
   title="{Principles of Magnetic Resonance}",
   publisher = {Springer-Verlag},
   edition = {2nd},
   year = {1980}
}

BOOK{experiments,
   author ={Adrian C.~ Melissinos and Jim Napolitano},
   title="{Experiments in Modern Physics}",
   publisher = {Academic Press},
   edition = {2nd},
   year = {2003}
}

BOOK{bevington,
   author ={P.~R. Bevington and D.~K. Robinson},
   title="{Data Reduction and Error Analysis for Physical Sciences}",
   publisher = {McGraw Hill},
   edition = {3rd},
   year = {2003}
}

BOOK{abragam,
   author ={A. Abragam},
   title="{Principles of Nuclear Magnetism}",
   publisher = {Oxford},
   year = {1961}
}

BOOK{metcalf,
   author = {H.~J. Metcalf and P. van der Straten},
   title = "{Laser Cooling and Trappiing}",
   publisher ={Springer},
   year = {199}
}

ARTICLE{1966AmJPh..34..553N,
   author = {{Nagel}, M. and {Haworth}, F.~E.},
    title = "{Advanced Laboratory Experiments on Optical Pumping of Rubidium Atoms-Part I: Magnetic Resonance}",
  journal = {American Journal of Physics},
     year = 1966,
    month = jul,
   volume = 34,
    pages = {553-558},
      doi = {10.1119/1.1973111},
   adsurl = {http://adsabs.harvard.edu/abs/1966AmJPh..34..553N},
  adsnote = {Provided by the SAO/NASA Astrophysics Data System}
}

ARTICLE{1965AmJPh..33..151B,
   author = {{Benumof}, R.},
    title = "{Optical Pumping Theory and Experiments}",
  journal = {American Journal of Physics},
     year = 1965,
    month = feb,
   volume = 33,
    pages = {151-160},
      doi = {10.1119/1.1971285},
   adsurl = {http://adsabs.harvard.edu/abs/1965AmJPh..33..151B},
  adsnote = {Provided by the SAO/NASA Astrophysics Data System}
}

ARTICLE{1960AmJPh..28..646D,
   author = {{de Zafra}, R.~L.},
    title = "{Optical Pumping}",
  journal = {American Journal of Physics},
     year = 1960,
    month = oct,
   volume = 28,
    pages = {646-654},
      doi = {10.1119/1.1935926},
   adsurl = {http://adsabs.harvard.edu/abs/1960AmJPh..28..646D},
  adsnote = {Provided by the SAO/NASA Astrophysics Data System}
}

ARTICLE{1972RvMP...44..169H,
   author = {{Happer}, W.},
    title = "{Optical Pumping}",
  journal = {Reviews of Modern Physics},
     year = 1972,
    month = apr,
   volume = 44,
    pages = {169-249},
      doi = {10.1103/RevModPhys.44.169},
   adsurl = {http://adsabs.harvard.edu/abs/1972RvMP...44..169H},
  adsnote = {Provided by the SAO/NASA Astrophysics Data System}
}

MISC{nasa,
  author = {{Hathaway}, D.~H.},
  title = {Solar Phyiscs},
  month = sep,
  howpublished = {\url{http://solarscience.msfc.nasa.gov/whysolar.shtml}},
  year = 2011
}

BOOK{carrol,
  author = {B.~W. Carroll and D.~A. Ostlie},
  title = "{An Introduction to Modern Astrophysics}",
  publisher = {Pearson},
  edition = {2nd},
  year = {2007}
}

BOOK{bennett,
  author = {J. Bennett and M. Donahue and N. Schneider and M. Voit},
  title = "{The Cosmic Perspective, The Solar System}",
  publisher = {Addison-Wesley},
  edition = {6th},
  year = {2010}
}

ARTICLE{helmholtz,
  author = {{von Helmholtz}, H.},
  title = "{On The Interaction of Natural Forces}",
  journal = "{Phil.\ Mag.}",
  volume = {11},
  number = {75},
  pages = {489-518},
  year = {1856}
}

ARTICLE{helm_2,
  author = {A.~C. Tort and F. Nogarol},
  title = "{Another Look at Helmholtz's Model for the Gravitational Contraction of the Sun}",
  journal = "{European Journal of Physics}",
  volume = {32},
  number = {6},
  pages = {1679},
  year = {2011}
}

ARTICLE{sabine,
  author = {E. Sabine},
  title = "{On Periodical Laws Discoverable in the Mean Effects of the Larger Magnetic Disturbances.--No. II}",
  journal = "{Philosophical Transactions of the Royal Society of London}",
  volume = {142},
  pages = {103-124},
  year = {1852}
}

ARTICLE{carrington,
  author = {R.~C. Carrington},
  title = "{On Two Cases of Solar Spots in High Latitudes, and on the Surface Currents Indicated by the Observations}",
  journal = "{Monthly Notices of the Royal Astronomical Society}",
  volume = {20},
  pages = {254},
  year = {1860}
}

MISC{nobel,
  title = "{The Nobel Prize in Physics 1970}",
  year = {1970},
  howpublished = {\url{http://www.nobelprize.org/nobel_prizes/physics/laureates/1970/}}
}

MISC{hao,
  title = "{History of Solar Physics: A Time Lime of Great Moments}",
  year = {2012},
  howpublished = {\url{http://www.hao.ucar.edu/education/TimelineD.php#1931}}
}

BOOK{radhydro,
  author = {D. Mihalas and B. Weibel-Mihalas},
  title = "{Foundations of Radiation Hydrodynamics}",
  publisher = {Dover},
  edition = {1st},
  year = {1999}
}

INPROCEEDINGS{1973ssai.conf...33V,
   author = {{Vardya}, M.~S.},
    title = "{Sources of opacity in stellar atmospheres.}",
booktitle = {Spectroscopic Studies of Astrophysical Interest},
     year = 1973,
   editor = {{Asundi}, R.~K. and {Abhyankar}, K.~D. and {Subba Rao}, N.~V.
	},
    pages = {33-41},
   adsurl = {http://adsabs.harvard.edu/abs/1973ssai.conf...33V},
  adsnote = {Provided by the SAO/NASA Astrophysics Data System}
}

ARTICLE{faculae,
  author ={C. U. Keller and M. Schüssler and A. Vögler and V. Zakharov},
  title={On the Origin of Solar Faculae},
  journal={The Astrophysical Journal Letters},
  volume={607},
  number={1},
  pages={L59},
  url={http://stacks.iop.org/1538-4357/607/i=1/a=L59},
  year={2004}
}

ARTICLE{granule,
   author = {{Uberoi}, M.~S.},
    title = "{On the Solar Granules.}",
  journal = {\apj},
     year = 1955,
    month = nov,
   volume = 122,
    pages = {466},
      doi = {10.1086/146108},
   adsurl = {http://adsabs.harvard.edu/abs/1955ApJ...122..466U},
  adsnote = {Provided by the SAO/NASA Astrophysics Data System}
}

ARTICLE{supergranule,
 uthor={Marc L. DeRosa and Juri Toomre},
  title={Evolution of Solar Supergranulation},
  journal={The Astrophysical Journal},
  volume={616},
  number={2},
  pages={1242},
  url={http://stacks.iop.org/0004-637X/616/i=2/a=1242},
  year={2004}
}

ARTICLE{flares,
  year={1991},
  issn={0038-0938},
  journal={Solar Physics},
  volume={133},
  issue={2},
  doi={10.1007/BF00149894},
  title={Solar flares, microflares, nanoflares, and coronal heating},
  url={http://dx.doi.org/10.1007/BF00149894},
  publisher={Kluwer Academic Publishers},
  author={Hudson, H.S.},
  pages={357-369},
  language={English}
}

ARTICLE{granule_life,
   author = {{Bahng}, J. and {Schwarzschild}, M.},
    title = "{Lifetime of Solar Granules.}",
  journal = {\apj},
     year = 1961,
    month = sep,
   volume = 134,
    pages = {312},
      doi = {10.1086/147160},
   adsurl = {http://adsabs.harvard.edu/abs/1961ApJ...134..312B},
  adsnote = {Provided by the SAO/NASA Astrophysics Data System}
}

ARTICLE{granule_scale,
   author = {{Schwarzschild}, M.},
    title = "{On the scale of photospheric convection in red giants and supergiants}",
  journal = {\apj},
 keywords = {GIANT STARS, LATE STARS, PHOTOSPHERE, SOLAR GRANULATION, SUPERGIANT STARS, ASTRONOMICAL MODELS, CONVECTIVE FLOW, GAS IONIZATION, STELLAR MASS EJECTION, STELLAR WINDS},
     year = 1975,
    month = jan,
   volume = 195,
    pages = {137-144},
      doi = {10.1086/153313},
   adsurl = {http://adsabs.harvard.edu/abs/1975ApJ...195..137S},
  adsnote = {Provided by the SAO/NASA Astrophysics Data System}
}

ARTICLE{sunspots,
   author = {{Parker}, E.~N.},
    title = "{The Formation of Sunspots from the Solar Toroidal Field.}",
  journal = {\apj},
     year = 1955,
    month = mar,
   volume = 121,
    pages = {491},
      doi = {10.1086/146010},
   adsurl = {http://adsabs.harvard.edu/abs/1955ApJ...121..491P},
  adsnote = {Provided by the SAO/NASA Astrophysics Data System}
}


